@manual{Barrett2022,
 title = {ggdag: Analyze and Create Elegant Directed Acyclic Graphs},
 author = {Malcolm Barrett},
 year = {2022},
 note = {R package version 0.2.7},
 url = {https://CRAN.R-project.org/package=ggdag},
}

@manual{Chen2023,
 title = {xgboost: Extreme Gradient Boosting},
 author = {Tianqi Chen and Tong He and Michael Benesty and Vadim Khotilovich and Yuan Tang and Hyunsu Cho and Kailong Chen and Rory Mitchell and Ignacio Cano and Tianyi Zhou and Mu Li and Junyuan Xie and Min Lin and Yifeng Geng and Yutian Li and Jiaming Yuan},
 year = {2023},
 note = {R package version 1.7.3.1},
 url = {https://CRAN.R-project.org/package=xgboost},
}

@book{Glymour2016,
  title={Causal inference in statistics: A primer},
  author={Glymour, Madelyn and Pearl, Judea and Jewell, Nicholas P},
  year={2016},
  publisher={John Wiley \& Sons}
}

@misc{Maua2022,
  author = {Denis Mauá},
  title = {{Probabilistic Graphical Models}},
  howpublished = "\url{https://www.ime.usp.br/~ddm/courses/mac6916/}",
  year = {2022}, 
  note = "[Online; accessed 22-October-2022]"
}

@article{Sackett1979,
  title={Bias in analytic research},
  author={Sackett, David L},
  journal={Journal of Chronic Diseases},
  volume={32},
  number={1-2},
  pages={51--63},
  year={1979},
  publisher={Elsevier}
}

@article{Simpson1951,
  title={The interpretation of interaction in contingency tables},
  author={Simpson, Edward H},
  journal={Journal of the Royal Statistical Society: Series B (Methodological)},
  volume={13},
  number={2},
  pages={238--241},
  year={1951},
  publisher={Wiley Online Library}
}

@article{Textor2016,
  title={Robust causal inference using directed acyclic graphs: the R package ‘dagitty’},
  author={Textor, Johannes and Van der Zander, Benito and Gilthorpe, Mark S and Li{\'s}kiewicz, Maciej and Ellison, George TH},
  journal={International journal of epidemiology},
  volume={45},
  number={6},
  pages={1887--1894},
  year={2016},
  publisher={Oxford University Press}
}
